@misc{guadarrama2017pixcolor,
      title={PixColor: Pixel Recursive Colorization}, 
      author={Sergio Guadarrama and Ryan Dahl and David Bieber and Mohammad Norouzi and Jonathon Shlens and Kevin Murphy},
      year={2017},
      eprint={1705.07208},
      archivePrefix={arXiv},
      primaryClass={cs.CV}
}

@misc{dahl2016automatic,
  title={Automatic colorization},
  author={Dahl, Ryan},
  year={2016}
}

@misc{simonyan2015deep,
      title={Very Deep Convolutional Networks for Large-Scale Image Recognition}, 
      author={Karen Simonyan and Andrew Zisserman},
      year={2015},
      eprint={1409.1556},
      archivePrefix={arXiv},
      primaryClass={cs.CV}
}

@misc{he2015deep,
      title={Deep Residual Learning for Image Recognition}, 
      author={Kaiming He and Xiangyu Zhang and Shaoqing Ren and Jian Sun},
      year={2015},
      eprint={1512.03385},
      archivePrefix={arXiv},
      primaryClass={cs.CV}
}